% test

@article{zhu2012structure,
  title={Structure of the European upper mantle revealed by adjoint tomography},
  author={Zhu, Hejun and Bozda{\u{g}}, Ebru and Peter, Daniel and Tromp, Jeroen},
  journal={Nature Geoscience},
  volume={5},
  number={7},
  pages={493},
  year={2012},
  publisher={Nature Publishing Group}
}